@book{hastie2009elements,
  title={The elements of statistical learning},
  author={Hastie, Trevor and Tibshirani, Robert and Friedman, Jerome and Hastie, T and Friedman, J and Tibshirani, R},
  volume={2},
  number={1},
  year={2009},
  publisher={Springer}
}


@article{hand2006classifier,
  title={Classifier technology and the illusion of progress},
  author={Hand, David J and others},
  journal={Statistical Science},
  volume={21},
  number={1},
  pages={1--14},
  year={2006},
  publisher={Institute of Mathematical Statistics}
}